 
@Misc{Donner2020,
  author   = {Donner, Andreas and Luber, Stefan},
  month    = jan,
  title    = {Was ist 802.3ch ({Multi}-{Gig} {Automotive} {Ethernet})?},
  year     = {2020},
  abstract = {802.3ch ist ein noch nicht finalisierter Standard zur Ethernet-Datenübertragung mit Geschwindigkeiten von 2,5, 5 und 10 Gbit/s über einpaarige Twisted-Pair-Kabel. Die maximale Länge einer Verbindung beträgt bis zu 15 Meter. Gegenüber LAN-Kabeln mit vier Doppeladern sind MultiGigBase-T1-Kabel leichter, dünner, günstiger und aufgrund kleinerer möglicher Biegeradien einfacher zu verlegen.},
  file     = {:Donner2020 - Was Ist 802.3ch (Multi Gig Automotive Ethernet)_.pdf:PDF},
  journal  = {IP-Insider},
  language = {de},
  url      = {https://www.ip-insider.de/was-ist-8023ch-multi-gig-automotive-ethernet-a-890606/},
  urldate  = {2025-04-01},
}

@Misc{Gugenhan,
  author     = {Steffen Gugenhan},
  title      = {Automotive Ethernet},
  accessdate = {2025-04-01},
  file       = {:Gugenhan - Automotive Ethernet.pdf:PDF:https\://www.star-cooperation.com/de/assets/uploads/dateien/media-center/veroeffentlichungen/whitepaper-automotive-ethernet.pdf},
  url        = {https://www.star-cooperation.com/de/assets/uploads/dateien/media-center/veroeffentlichungen/whitepaper-automotive-ethernet.pdf},
}

@Comment{jabref-meta: databaseType:bibtex;}

﻿
